@inproceedings{albaghdadi21,
  title={Parameter design optimization of the crank-rocker engine using the FMINCON function in MATLAB},
  author={Albaghdadi, Anwr Mohammed and Baharom, Masri Bin and bin Sulaiman, Shaharin Anwar},
  booktitle={IOP Conference Series: Materials Science and Engineering},
  volume={1088},
  number={1},
  pages={012072},
  year={2021},
  organization={IOP Publishing}
}

@article{coogan17,
  title={Healing simulation for bond strength prediction of FDM},
  author={Coogan, Timothy J and Kazmer, David O},
  journal={Rapid Prototyping Journal},
  year={2017},
  publisher={Emerald Publishing Limited}
}

@article{duan18,
  title={A limited-preview filtered B-spline approach to tracking control--With application to vibration-induced error compensation of a 3D printer},
  author={Duan, Molong and Yoon, Deokkyun and Okwudire, Chinedum E},
  journal={Mechatronics},
  volume={56},
  pages={287--296},
  year={2018},
  publisher={Elsevier}
}

@article{gibson15,
  title={Applications for additive manufacture},
  author={Gibson, Ian and Rosen, David and Stucker, Brent and Gibson, Ian and Rosen, David and Stucker, Brent},
  journal={Additive Manufacturing Technologies: 3D Printing, Rapid Prototyping, and Direct Digital Manufacturing},
  pages={451--474},
  year={2015},
  publisher={Springer}
}

@article{hargraves87,
  title={Direct trajectory optimization using nonlinear programming and collocation},
  author={Hargraves, Charles R and Paris, Stephen W},
  journal={Journal of guidance, control, and dynamics},
  volume={10},
  number={4},
  pages={338--342},
  year={1987}
}

@book{higham16,
  title={MATLAB guide},
  author={Higham, Desmond J and Higham, Nicholas J},
  year={2016},
  publisher={SIAM}
}

@article{kai94,
  title={Three-dimensional rapid prototyping technologies and key development areas},
  author={Kai, Chua Chee},
  journal={Computing \& Control Engineering Journal},
  volume={5},
  number={4},
  pages={200--206},
  year={1994},
  publisher={IET}
}

@article{turner14,
  title={A review of melt extrusion additive manufacturing processes: I. Process design and modeling},
  author={Turner, Brian N and Strong, Robert and Gold, Scott A},
  journal={Rapid prototyping journal},
  volume={20},
  number={3},
  pages={192--204},
  year={2014},
  publisher={Emerald Group Publishing Limited}
}

@article{ramani20,
  title={A Robust Filtered Basis Functions Approach for Feedforward Tracking Controlâ€”With Application to a Vibration-Prone 3-D Printer},
  author={Ramani, Keval S and Edoimioya, Nosakhare and Okwudire, Chinedum E},
  journal={IEEE/ASME Transactions on Mechatronics},
  volume={25},
  number={5},
  pages={2556--2564},
  year={2020},
  publisher={IEEE}
}

@phdthesis{singhose97,
  title={Command generation for flexible systems},
  author={Singhose, William Earl},
  year={1997},
  school={Massachusetts Institute of Technology}
}

@article{vyavahare20,
  title={Fused deposition modelling: a review},
  author={Vyavahare, Swapnil and Teraiya, Soham and Panghal, Deepak and Kumar, Shailendra},
  journal={Rapid Prototyping Journal},
  volume={26},
  number={1},
  pages={176--201},
  year={2020},
  publisher={Emerald Publishing Limited}
}

@inproceedings{yu20,
  title={Application of the Five-phase S-curve Velocity Model on FDM Three-dimensional Printer},
  author={Yu, Ke and Zhang, Zhisheng and Zhou, Zhiting and Dai, Min},
  booktitle={2020 IEEE 5th Information Technology and Mechatronics Engineering Conference (ITOEC)},
  pages={1365--1371},
  year={2020},
  organization={IEEE}
}

@article{attaran17,
  title={The rise of 3-D printing: The advantages of additive manufacturing over traditional manufacturing},
  author={Attaran, Mohsen},
  journal={Business horizons},
  volume={60},
  number={5},
  pages={677--688},
  year={2017},
  publisher={Elsevier}
}

@article{bikas16,
  title={Additive manufacturing methods and modelling approaches: a critical review},
  author={Bikas, Harry and Stavropoulos, Panagiotis and Chryssolouris, George},
  journal={The International Journal of Advanced Manufacturing Technology},
  volume={83},
  pages={389--405},
  year={2016},
  publisher={Springer}
}

@online{klipperdoc,
  author = {Klipper},
  title = {{Klipper} Documentation},
  year = 2017,
  url = {https://www.klipper3d.org/},
  urldate = {2023-2-11}
}


@online{klipperkinematic,
  author = {Klipper},
  title = {{Klipper} Kinematics Documentation},
  year = 2017,
  url = {https://www.klipper3d.org/Kinematics.html},
  urldate = {2023-2-11}
}